@MISC{seeds,
author = {SEED CELL},
title = {Seed Rolling Plan 2022-2023 of Telengana State},
howpublished={\url{https://seednet.gov.in/PDFFILES/Breeder_Seed_Indent_Recommendation.pdf}}
}

@MISC{seasons,
author = {Department of Agriculture, Cooperation and Farmers Welfare, Ministry of Agriculture and Farmers Welfare, Government of India},
title = {Recommended System of Breeder Seed Indent and Supply},
howpublished={\url{https://seednet.gov.in/PDFFILES/Breeder_Seed_Indent_Recommendation.pdf}}
}