@MISC{seeds,
author = {SEED CELL},
title = {Seed Rolling Plan 2022-2023 of Telengana State},
howpublished={\url{https://seednet.gov.in/PDFFILES/Breeder_Seed_Indent_Recommendation.pdf}}
}

@MISC{seasons,
author = {Department of Agriculture, Cooperation and Farmers Welfare, Ministry of Agriculture and Farmers Welfare, Government of India},
title = {Recommended System of Breeder Seed Indent and Supply},
howpublished={\url{https://seednet.gov.in/PDFFILES/Breeder_Seed_Indent_Recommendation.pdf}}
}

@MISC{git,
  author = {Parvathy Krishnank},
  title = {Data4Policy},
  year = {2021},
  publisher = {GitHub},
  howpublished = {\url{https://github.com/UNDP-India/Data4Policy}}
}

@report{ieee,
title = {IEEE Recommended Practice for Software Requirements Specifications},
publisher = {IEEE},
year = {20 Oct. 1998}}

@article{downtime,
    author        = {Caesar Wu, Rajkumar Buyya},
    title         = {Planned Downtime},
    journaltitle  = {Cloud Data Centers and Cost Modeling},
    year          = {2015},
    doi           = {\url{https://www.sciencedirect.com/topics/computer-science/planned-downtime}}
}

@article{pdp,
    author        = {Shri Ravi Shankar Prasad, Minister of Law and Justice, Communications and
Electronics and Information Technology},
    title         = {THE PERSONAL DATA PROTECTION BILL, 2019},
    year          = {Bill No. 373 of 2019},
    doi           = {\url{http://164.100.47.4/BillsTexts/LSBillTexts/Asintroduced/373_2019_LS_Eng.pdf}}
}

@MISC{fao,
  author = {Food and Agriculture Organization of the United Nations},
  title = {Fertilizer use by crop in India},
  year = {2005},
  howpublished = {\url{https://www.fao.org/3/a0257e/A0257E02.htm#ch1}}
}